<?xml version="1.0" encoding="UTF-8"?><collection xmlns="http://www.loc.gov/MARC21/slim"><record><leader>00504nam--2200181-i-4500</leader><controlfield tag="001">000031723</controlfield><controlfield tag="002">20161230</controlfield><controlfield tag="005">20161230201038</controlfield><controlfield tag="008">060222s1000------------r-----000-0-eng-d</controlfield><datafield ind1=" " ind2=" " tag="040"><subfield code="a">IFIN-HH</subfield></datafield><datafield ind1=" " ind2=" " tag="080"><subfield code="a">523.4-852(083.5)</subfield></datafield><datafield ind1="1" ind2=" " tag="100"><subfield code="a">Link, F</subfield></datafield><datafield ind1="1" ind2="0" tag="245"><subfield code="a">Dioptric tables of the earth`s athmosphere</subfield><subfield code="c">F. link, l. neuzil</subfield></datafield><datafield ind1=" " ind2=" " tag="260"><subfield code="a">Praha</subfield><subfield code="b">Czechoslovak Academy Of Science Astronomical Institute</subfield><subfield code="c">1965</subfield></datafield><datafield ind1=" " ind2=" " tag="300"><subfield code="a">86P</subfield></datafield><datafield ind1="1" ind2=" " tag="700"><subfield code="a">Neuzil, L</subfield></datafield><datafield ind1=" " ind2=" " tag="852"><subfield code="a">47689</subfield><subfield code="c">523</subfield></datafield><datafield ind1=" " ind2=" " tag="CAT"><subfield code="a">Sys</subfield><subfield code="c">20141203</subfield><subfield code="h">145742</subfield></datafield></record></collection>